@book{tijms2017probability,
  title={Probability: A Lively Introduction},
  author={Tijms, Henk},
  year={2017},
  publisher={Cambridge University Press}
}

@book{xiu2010numerical,
  title={Numerical methods for stochastic computations: a spectral method approach},
  author={Xiu, Dongbin},
  year={2010},
  publisher={Princeton university press}
}

@book{smith2013uncertainty,
  title={Uncertainty quantification: theory, implementation, and applications},
  author={Smith, Ralph C},
  volume={12},
  year={2013},
  publisher={Siam}
}

@article{hackmann2018karhunen,
  title={Karhunen--Lo{\`e}ve expansions of L{\'e}vy processes},
  author={Hackmann, Daniel},
  journal={Communications in Statistics-Theory and Methods},
  volume={47},
  number={23},
  pages={5675--5687},
  year={2018},
  publisher={Taylor \& Francis}
}

@article{xiu2002modeling,
  title={Modeling uncertainty in steady state diffusion problems via generalized polynomial chaos},
  author={Xiu, Dongbin and Karniadakis, George Em},
  journal={Computer methods in applied mechanics and engineering},
  volume={191},
  number={43},
  pages={4927--4948},
  year={2002},
  publisher={Elsevier}
}

@book{kreyszig1978introductory,
  title={Introductory functional analysis with applications},
  author={Kreyszig, Erwin},
  volume={1},
  year={1978},
  publisher={wiley New York}
}

@article{xiu2002wiener,
  title={The Wiener--Askey polynomial chaos for stochastic differential equations},
  author={Xiu, Dongbin and Karniadakis, George Em},
  journal={SIAM journal on scientific computing},
  volume={24},
  number={2},
  pages={619--644},
  year={2002},
  publisher={SIAM}
}

@article{wiener1938homogeneous,
  title={The homogeneous chaos},
  author={Wiener, Norbert},
  journal={American Journal of Mathematics},
  volume={60},
  number={4},
  pages={897--936},
  year={1938},
  publisher={JSTOR}
}

@article{xiu2009fast,
  title={Fast numerical methods for stochastic computations: a review},
  author={Xiu, Dongbin},
  journal={Communications in computational physics},
  volume={5},
  number={2-4},
  pages={242--272},
  year={2009}
}

@incollection{ghanem1991stochastic,
  title={Stochastic Finite Element Method: Response Statistics},
  author={Ghanem, Roger G and Spanos, Pol D},
  booktitle={Stochastic Finite Elements: A Spectral Approach},
  pages={101--119},
  year={1991},
  publisher={Springer}
}

@article{xiu2005high,
  title={High-order collocation methods for differential equations with random inputs},
  author={Xiu, Dongbin and Hesthaven, Jan S},
  journal={SIAM Journal on Scientific Computing},
  volume={27},
  number={3},
  pages={1118--1139},
  year={2005},
  publisher={SIAM}
}

@article{xiu2007efficient,
  title={Efficient collocational approach for parametric uncertainty analysis},
  author={Xiu, Dongbin},
  journal={Commun. Comput. Phys},
  volume={2},
  number={2},
  pages={293--309},
  year={2007}
}

@inproceedings{lucor2001spectral,
  title={Spectral representations of uncertainty in simulations: Algorithms and applications},
  author={Lucor, D and Xiu, D and Karniadakis, G},
  booktitle={Proceedings of the International Conference on Spectral and High Order Methods (ICOSAHOM-01), Uppsala, Sweden},
  year={2001}
}

@book{gautschi2011numerical,
  title={Numerical analysis},
  author={Gautschi, Walter},
  year={2011},
  publisher={Springer Science \& Business Media}
}

@incollection{genz1987package,
  title={A package for testing multiple integration subroutines},
  author={Genz, Alan},
  booktitle={Numerical Integration},
  pages={337--340},
  year={1987},
  publisher={Springer}
}

@article{golub1969calculation,
  title={Calculation of {G}auss quadrature rules},
  author={Golub, Gene H and Welsch, John H},
  journal={Mathematics of computation},
  volume={23},
  number={106},
  pages={221--230},
  year={1969}
}

@article{herman2013introduction,
  title={An Introduction to {F}ourier and {C}omplex Analysis {W}ith {A}pplication to the {S}pectral {A}nalysis of {S}ignals},
  author={Herman, RUSSELL L},
  journal={University of North Carolina Wilmington, Wilmington, NC, online publication, http://people. uncw. edu/hermanr/mat367/FCA Book/Book2013/FunctionSpaces. pdf},
  year={2013}
}

@article{babuvska2007stochastic,
  title={A stochastic collocation method for elliptic partial differential equations with random input data},
  author={Babu{\v{s}}ka, Ivo and Nobile, Fabio and Tempone, Raul},
  journal={SIAM Journal on Numerical Analysis},
  volume={45},
  number={3},
  pages={1005--1034},
  year={2007},
  publisher={SIAM}
}


@misc{eliasuqcourse,
  title = {Introduction to {U}ncertainty {Q}uantification},
  howpublished = {\url{https://github.com/PredictiveScienceLab/uq-course}},
  note = {Accessed: 2018-11-01}
}

@misc{dahlquist2008numerical,
  title={Numerical methods in scientific computing, volume I},
  author={Dahlquist, Germund and Bj{\"o}rck, {\AA}ke},
  year={2008},
  publisher={Society for Industrial and Applied Mathematics}
}
